@electronic{forge2016,
 title     = "Forge API",
 url       = "https://developer.autodesk.com/"
}

@electronic{Vrok-It2016,
author   = "Walmsley, Kean",
 title     = "Vrok-It",
 url       = "https://github.com/KeanW/vr-party"
}