@electronic{accusoft2016,
 title     = "accusoft API",
 url       = "https://www.accusoft.com"
}

@electronic{cloudconvert2016,
 title     = "Cloud convert API",
 url       = "https://cloudconvert.com/api/conversions#introduction"
}

@electronic{forge2016,
 title     = "Forge API",
 url       = "https://developer.autodesk.com/"
}

@electronic{fileUpload2017,
 title	="File uploading",
 url	="https://github.com/Autodesk-Forge/model.derivative-nodejs-sample"
}	