@electronic{forge2016,
 title     = "Forge API",
 url       = "https://developer.autodesk.com/?utm_campaign=ForgeHP%26utm_medium"
}

@electronic{QR2016,
 title     = "QR Code plug-in",
 url       = "https://github.com/jeromeetienne/jquery-qrcode"
}

@electronic{Vrok-It2016,
author   = "Walmsley, Kean",
 title     = "Vrok-It",
 url       = "https://github.com/KeanW/vr-party",
}

@electronic{accusoft2016,
 title     = "accusoft API",
 url       = "https://www.accusoft.com"
}

@electronic{cloudconvert2016,
 title     = "Cloud convert API",
 url       = "https://cloudconvert.com/api/conversions#introduction"
}

@electronic{fileUpload2017,
 title	="File uploading",
 url	="https://github.com/Autodesk-Forge/model.derivative-nodejs-sample"
}	