@electronic{accusoft2016,
 title     = "accusoft API",
 url       = "https://www.accusoft.com"
}

@electronic{cloudconvert2016,
 title     = "Cloud convert API",
 url       = "https://cloudconvert.com/api/conversions#introduction"
}

@electronic{forge2016,
 title     = "Forge API",
 url       = "https://developer.autodesk.com/"
}
