@electronic{forge2016,
 title     = "Forge API",
 url       = "https://developer.autodesk.com/?utm_campaign=ForgeHP%26utm_medium"
}

@electronic{QR2016,
 title     = "QR Code plug-in",
 url       = "https://github.com/jeromeetienne/jquery-qrcode"
}

@electronic{Vrok-It2016,
author   = "Walmsley, Kean",
 title     = "Vrok-It",
 url       = "https://github.com/KeanW/vr-party",
}